%YAML 1.1
%TAG !u! tag:unity3d.com,2011:
--- !u!1 &98269276
GameObject:
  m_ObjectHideFlags: 0
  m_CorrespondingSourceObject: {fileID: 0}
  m_PrefabInstance: {fileID: 0}
  m_PrefabAsset: {fileID: 0}
  serializedVersion: 6
  m_Component:
  - component: {fileID: 98269277}
  m_Layer: 0
  m_Name: Model
  m_TagString: Untagged
  m_Icon: {fileID: 0}
  m_NavMeshLayer: 0
  m_StaticEditorFlags: 0
  m_IsActive: 1
--- !u!4 &98269277
Transform:
  m_ObjectHideFlags: 0
  m_CorrespondingSourceObject: {fileID: 0}
  m_PrefabInstance: {fileID: 0}
  m_PrefabAsset: {fileID: 0}
  m_GameObject: {fileID: 98269276}
  m_LocalRotation: {x: -0, y: -0, z: -0, w: 1}
  m_LocalPosition: {x: 0, y: 0, z: 0}
  m_LocalScale: {x: 1, y: 1, z: 1}
  m_ConstrainProportionsScale: 0
  m_Children:
  - {fileID: 201012653}
  m_Father: {fileID: 776989077}
  m_RootOrder: 0
  m_LocalEulerAnglesHint: {x: 0, y: 0, z: 0}
--- !u!1 &166295855
GameObject:
  m_ObjectHideFlags: 0
  m_CorrespondingSourceObject: {fileID: 0}
  m_PrefabInstance: {fileID: 0}
  m_PrefabAsset: {fileID: 0}
  serializedVersion: 6
  m_Component:
  - component: {fileID: 166295856}
  - component: {fileID: 166295857}
  - component: {fileID: 166295861}
  - component: {fileID: 166295860}
  - component: {fileID: 166295858}
  - component: {fileID: 166295862}
  m_Layer: 0
  m_Name: HandPokeInteractorFist
  m_TagString: Untagged
  m_Icon: {fileID: 0}
  m_NavMeshLayer: 0
  m_StaticEditorFlags: 0
  m_IsActive: 1
--- !u!4 &166295856
Transform:
  m_ObjectHideFlags: 0
  m_CorrespondingSourceObject: {fileID: 0}
  m_PrefabInstance: {fileID: 0}
  m_PrefabAsset: {fileID: 0}
  m_GameObject: {fileID: 166295855}
  m_LocalRotation: {x: -0, y: -0, z: -0, w: 1}
  m_LocalPosition: {x: 0, y: 0, z: 0}
  m_LocalScale: {x: 1, y: 1, z: 1}
  m_ConstrainProportionsScale: 0
  m_Children:
  - {fileID: 609881282}
  m_Father: {fileID: 3999544102583097742}
  m_RootOrder: 1
  m_LocalEulerAnglesHint: {x: 0, y: 0, z: 0}
--- !u!114 &166295857
MonoBehaviour:
  m_ObjectHideFlags: 0
  m_CorrespondingSourceObject: {fileID: 0}
  m_PrefabInstance: {fileID: 0}
  m_PrefabAsset: {fileID: 0}
  m_GameObject: {fileID: 166295855}
  m_Enabled: 1
  m_EditorHideFlags: 0
  m_Script: {fileID: 11500000, guid: b14164f8f23faae4293baeb84485b3d6, type: 3}
  m_Name: 
  m_EditorClassIdentifier: 
  _hand: {fileID: 4949760448603267540}
--- !u!114 &166295861
MonoBehaviour:
  m_ObjectHideFlags: 0
  m_CorrespondingSourceObject: {fileID: 0}
  m_PrefabInstance: {fileID: 0}
  m_PrefabAsset: {fileID: 0}
  m_GameObject: {fileID: 166295855}
  m_Enabled: 1
  m_EditorHideFlags: 0
  m_Script: {fileID: 11500000, guid: 194b7d1054b8fa64b9bdcea46d06c3a1, type: 3}
  m_Name: 
  m_EditorClassIdentifier: 
  _activeState: {fileID: 166295857}
  _includeChildrenAsDependents: 1
  _gameObjects: []
  _monoBehaviours: []
--- !u!114 &166295860
MonoBehaviour:
  m_ObjectHideFlags: 0
  m_CorrespondingSourceObject: {fileID: 0}
  m_PrefabInstance: {fileID: 0}
  m_PrefabAsset: {fileID: 0}
  m_GameObject: {fileID: 166295855}
  m_Enabled: 1
  m_EditorHideFlags: 0
  m_Script: {fileID: 11500000, guid: d952c175ec3c6554199fd744548ce50a, type: 3}
  m_Name: 
  m_EditorClassIdentifier: 
  _activeState: {fileID: 0}
  _interactableFilters:
  - {fileID: 166295862}
  _maxIterationsPerFrame: 3
  _data: {fileID: 0}
  _pointTransform: {fileID: 1623399642}
  _radius: 0.005
  _touchReleaseThreshold: 0.002
  _equalDistanceThreshold: 0.001
--- !u!114 &166295858
MonoBehaviour:
  m_ObjectHideFlags: 0
  m_CorrespondingSourceObject: {fileID: 0}
  m_PrefabInstance: {fileID: 0}
  m_PrefabAsset: {fileID: 0}
  m_GameObject: {fileID: 166295855}
  m_Enabled: 1
  m_EditorHideFlags: 0
  m_Script: {fileID: 11500000, guid: cb028ce99f9700e4197a49bfdcd525dd, type: 3}
  m_Name: 
  m_EditorClassIdentifier: 
  _hand: {fileID: 166295857}
  _pokeInteractor: {fileID: 166295860}
  _syntheticHand: {fileID: 8291785529573195544}
--- !u!114 &166295862
MonoBehaviour:
  m_ObjectHideFlags: 0
  m_CorrespondingSourceObject: {fileID: 0}
  m_PrefabInstance: {fileID: 0}
  m_PrefabAsset: {fileID: 0}
  m_GameObject: {fileID: 166295855}
  m_Enabled: 1
  m_EditorHideFlags: 0
  m_Script: {fileID: 11500000, guid: 75d3a1facc5f29d4ea65d3af68af5c9e, type: 3}
  m_Name: 
  m_EditorClassIdentifier: 
  _requireTags:
  - Button
  _excludeTags: []
--- !u!1 &201012652
GameObject:
  m_ObjectHideFlags: 0
  m_CorrespondingSourceObject: {fileID: 0}
  m_PrefabInstance: {fileID: 0}
  m_PrefabAsset: {fileID: 0}
  serializedVersion: 6
  m_Component:
  - component: {fileID: 201012653}
  - component: {fileID: 201012654}
  m_Layer: 0
  m_Name: Fist
  m_TagString: Untagged
  m_Icon: {fileID: 0}
  m_NavMeshLayer: 0
  m_StaticEditorFlags: 0
  m_IsActive: 1
--- !u!4 &201012653
Transform:
  m_ObjectHideFlags: 0
  m_CorrespondingSourceObject: {fileID: 0}
  m_PrefabInstance: {fileID: 0}
  m_PrefabAsset: {fileID: 0}
  m_GameObject: {fileID: 201012652}
  m_LocalRotation: {x: -0, y: -0, z: -0, w: 1}
  m_LocalPosition: {x: 0, y: 0, z: 0}
  m_LocalScale: {x: 1, y: 1, z: 1}
  m_ConstrainProportionsScale: 0
  m_Children: []
  m_Father: {fileID: 98269277}
  m_RootOrder: 0
  m_LocalEulerAnglesHint: {x: 0, y: 0, z: 0}
--- !u!114 &201012654
MonoBehaviour:
  m_ObjectHideFlags: 0
  m_CorrespondingSourceObject: {fileID: 0}
  m_PrefabInstance: {fileID: 0}
  m_PrefabAsset: {fileID: 0}
  m_GameObject: {fileID: 201012652}
  m_Enabled: 1
  m_EditorHideFlags: 0
  m_Script: {fileID: 11500000, guid: abee63302fdc2bb4f80efe129df0a723, type: 3}
  m_Name: 
  m_EditorClassIdentifier: 
  _hand: {fileID: 776989078}
  _handJointId: 15
  _localPositionOffset: {x: 0, y: 0, z: 0}
  _rotationOffset: {x: 0, y: 0, z: 0, w: 1}
--- !u!1 &609881281
GameObject:
  m_ObjectHideFlags: 0
  m_CorrespondingSourceObject: {fileID: 0}
  m_PrefabInstance: {fileID: 0}
  m_PrefabAsset: {fileID: 0}
  serializedVersion: 6
  m_Component:
  - component: {fileID: 609881282}
  m_Layer: 0
  m_Name: Model
  m_TagString: Untagged
  m_Icon: {fileID: 0}
  m_NavMeshLayer: 0
  m_StaticEditorFlags: 0
  m_IsActive: 1
--- !u!4 &609881282
Transform:
  m_ObjectHideFlags: 0
  m_CorrespondingSourceObject: {fileID: 0}
  m_PrefabInstance: {fileID: 0}
  m_PrefabAsset: {fileID: 0}
  m_GameObject: {fileID: 609881281}
  m_LocalRotation: {x: -0, y: -0, z: -0, w: 1}
  m_LocalPosition: {x: 0, y: 0, z: 0}
  m_LocalScale: {x: 1, y: 1, z: 1}
  m_ConstrainProportionsScale: 0
  m_Children:
  - {fileID: 1623399642}
  m_Father: {fileID: 166295856}
  m_RootOrder: 0
  m_LocalEulerAnglesHint: {x: 0, y: 0, z: 0}
--- !u!1 &776989076
GameObject:
  m_ObjectHideFlags: 0
  m_CorrespondingSourceObject: {fileID: 0}
  m_PrefabInstance: {fileID: 0}
  m_PrefabAsset: {fileID: 0}
  serializedVersion: 6
  m_Component:
  - component: {fileID: 776989077}
  - component: {fileID: 776989078}
  - component: {fileID: 776989082}
  - component: {fileID: 776989081}
  - component: {fileID: 776989079}
  - component: {fileID: 776989083}
  m_Layer: 0
  m_Name: HandPokeInteractorFist
  m_TagString: Untagged
  m_Icon: {fileID: 0}
  m_NavMeshLayer: 0
  m_StaticEditorFlags: 0
  m_IsActive: 1
--- !u!4 &776989077
Transform:
  m_ObjectHideFlags: 0
  m_CorrespondingSourceObject: {fileID: 0}
  m_PrefabInstance: {fileID: 0}
  m_PrefabAsset: {fileID: 0}
  m_GameObject: {fileID: 776989076}
  m_LocalRotation: {x: -0, y: -0, z: -0, w: 1}
  m_LocalPosition: {x: 0, y: 0, z: 0}
  m_LocalScale: {x: 1, y: 1, z: 1}
  m_ConstrainProportionsScale: 0
  m_Children:
  - {fileID: 98269277}
  m_Father: {fileID: 496700924597618081}
  m_RootOrder: 1
  m_LocalEulerAnglesHint: {x: 0, y: 0, z: 0}
--- !u!114 &776989078
MonoBehaviour:
  m_ObjectHideFlags: 0
  m_CorrespondingSourceObject: {fileID: 0}
  m_PrefabInstance: {fileID: 0}
  m_PrefabAsset: {fileID: 0}
  m_GameObject: {fileID: 776989076}
  m_Enabled: 1
  m_EditorHideFlags: 0
  m_Script: {fileID: 11500000, guid: b14164f8f23faae4293baeb84485b3d6, type: 3}
  m_Name: 
  m_EditorClassIdentifier: 
  _hand: {fileID: 8784088233621880685}
--- !u!114 &776989082
MonoBehaviour:
  m_ObjectHideFlags: 0
  m_CorrespondingSourceObject: {fileID: 0}
  m_PrefabInstance: {fileID: 0}
  m_PrefabAsset: {fileID: 0}
  m_GameObject: {fileID: 776989076}
  m_Enabled: 1
  m_EditorHideFlags: 0
  m_Script: {fileID: 11500000, guid: 194b7d1054b8fa64b9bdcea46d06c3a1, type: 3}
  m_Name: 
  m_EditorClassIdentifier: 
  _activeState: {fileID: 776989078}
  _includeChildrenAsDependents: 1
  _gameObjects: []
  _monoBehaviours: []
--- !u!114 &776989081
MonoBehaviour:
  m_ObjectHideFlags: 0
  m_CorrespondingSourceObject: {fileID: 0}
  m_PrefabInstance: {fileID: 0}
  m_PrefabAsset: {fileID: 0}
  m_GameObject: {fileID: 776989076}
  m_Enabled: 1
  m_EditorHideFlags: 0
  m_Script: {fileID: 11500000, guid: d952c175ec3c6554199fd744548ce50a, type: 3}
  m_Name: 
  m_EditorClassIdentifier: 
  _activeState: {fileID: 0}
  _interactableFilters:
  - {fileID: 776989083}
  _maxIterationsPerFrame: 3
  _data: {fileID: 0}
  _pointTransform: {fileID: 201012653}
  _radius: 0.005
  _touchReleaseThreshold: 0.002
  _equalDistanceThreshold: 0.001
--- !u!114 &776989079
MonoBehaviour:
  m_ObjectHideFlags: 0
  m_CorrespondingSourceObject: {fileID: 0}
  m_PrefabInstance: {fileID: 0}
  m_PrefabAsset: {fileID: 0}
  m_GameObject: {fileID: 776989076}
  m_Enabled: 1
  m_EditorHideFlags: 0
  m_Script: {fileID: 11500000, guid: cb028ce99f9700e4197a49bfdcd525dd, type: 3}
  m_Name: 
  m_EditorClassIdentifier: 
  _hand: {fileID: 776989078}
  _pokeInteractor: {fileID: 776989081}
  _syntheticHand: {fileID: 919283380925462065}
--- !u!114 &776989083
MonoBehaviour:
  m_ObjectHideFlags: 0
  m_CorrespondingSourceObject: {fileID: 0}
  m_PrefabInstance: {fileID: 0}
  m_PrefabAsset: {fileID: 0}
  m_GameObject: {fileID: 776989076}
  m_Enabled: 1
  m_EditorHideFlags: 0
  m_Script: {fileID: 11500000, guid: 75d3a1facc5f29d4ea65d3af68af5c9e, type: 3}
  m_Name: 
  m_EditorClassIdentifier: 
  _requireTags:
  - Button
  _excludeTags: []
--- !u!1 &911611339
GameObject:
  m_ObjectHideFlags: 0
  m_CorrespondingSourceObject: {fileID: 0}
  m_PrefabInstance: {fileID: 0}
  m_PrefabAsset: {fileID: 0}
  serializedVersion: 6
  m_Component:
  - component: {fileID: 911611340}
  - component: {fileID: 911611341}
  - component: {fileID: 911611345}
  - component: {fileID: 911611344}
  - component: {fileID: 911611342}
  - component: {fileID: 911611346}
  m_Layer: 0
  m_Name: HandPokeInteractorPalm
  m_TagString: Untagged
  m_Icon: {fileID: 0}
  m_NavMeshLayer: 0
  m_StaticEditorFlags: 0
  m_IsActive: 1
--- !u!4 &911611340
Transform:
  m_ObjectHideFlags: 0
  m_CorrespondingSourceObject: {fileID: 0}
  m_PrefabInstance: {fileID: 0}
  m_PrefabAsset: {fileID: 0}
  m_GameObject: {fileID: 911611339}
  m_LocalRotation: {x: -0, y: -0, z: -0, w: 1}
  m_LocalPosition: {x: 0, y: 0, z: 0}
  m_LocalScale: {x: 1, y: 1, z: 1}
  m_ConstrainProportionsScale: 0
  m_Children:
  - {fileID: 955637399}
  m_Father: {fileID: 3999544102583097742}
  m_RootOrder: 2
  m_LocalEulerAnglesHint: {x: 0, y: 0, z: 0}
--- !u!114 &911611341
MonoBehaviour:
  m_ObjectHideFlags: 0
  m_CorrespondingSourceObject: {fileID: 0}
  m_PrefabInstance: {fileID: 0}
  m_PrefabAsset: {fileID: 0}
  m_GameObject: {fileID: 911611339}
  m_Enabled: 1
  m_EditorHideFlags: 0
  m_Script: {fileID: 11500000, guid: b14164f8f23faae4293baeb84485b3d6, type: 3}
  m_Name: 
  m_EditorClassIdentifier: 
  _hand: {fileID: 4949760448603267540}
--- !u!114 &911611345
MonoBehaviour:
  m_ObjectHideFlags: 0
  m_CorrespondingSourceObject: {fileID: 0}
  m_PrefabInstance: {fileID: 0}
  m_PrefabAsset: {fileID: 0}
  m_GameObject: {fileID: 911611339}
  m_Enabled: 1
  m_EditorHideFlags: 0
  m_Script: {fileID: 11500000, guid: 194b7d1054b8fa64b9bdcea46d06c3a1, type: 3}
  m_Name: 
  m_EditorClassIdentifier: 
  _activeState: {fileID: 911611341}
  _includeChildrenAsDependents: 1
  _gameObjects: []
  _monoBehaviours: []
--- !u!114 &911611344
MonoBehaviour:
  m_ObjectHideFlags: 0
  m_CorrespondingSourceObject: {fileID: 0}
  m_PrefabInstance: {fileID: 0}
  m_PrefabAsset: {fileID: 0}
  m_GameObject: {fileID: 911611339}
  m_Enabled: 1
  m_EditorHideFlags: 0
  m_Script: {fileID: 11500000, guid: d952c175ec3c6554199fd744548ce50a, type: 3}
  m_Name: 
  m_EditorClassIdentifier: 
  _activeState: {fileID: 0}
  _interactableFilters:
  - {fileID: 911611346}
  _maxIterationsPerFrame: 3
  _data: {fileID: 0}
  _pointTransform: {fileID: 1379376513}
  _radius: 0.005
  _touchReleaseThreshold: 0.002
  _equalDistanceThreshold: 0.001
--- !u!114 &911611342
MonoBehaviour:
  m_ObjectHideFlags: 0
  m_CorrespondingSourceObject: {fileID: 0}
  m_PrefabInstance: {fileID: 0}
  m_PrefabAsset: {fileID: 0}
  m_GameObject: {fileID: 911611339}
  m_Enabled: 1
  m_EditorHideFlags: 0
  m_Script: {fileID: 11500000, guid: cb028ce99f9700e4197a49bfdcd525dd, type: 3}
  m_Name: 
  m_EditorClassIdentifier: 
  _hand: {fileID: 911611341}
  _pokeInteractor: {fileID: 911611344}
  _syntheticHand: {fileID: 8291785529573195544}
--- !u!114 &911611346
MonoBehaviour:
  m_ObjectHideFlags: 0
  m_CorrespondingSourceObject: {fileID: 0}
  m_PrefabInstance: {fileID: 0}
  m_PrefabAsset: {fileID: 0}
  m_GameObject: {fileID: 911611339}
  m_Enabled: 1
  m_EditorHideFlags: 0
  m_Script: {fileID: 11500000, guid: 75d3a1facc5f29d4ea65d3af68af5c9e, type: 3}
  m_Name: 
  m_EditorClassIdentifier: 
  _requireTags:
  - Button
  _excludeTags: []
--- !u!1 &955637398
GameObject:
  m_ObjectHideFlags: 0
  m_CorrespondingSourceObject: {fileID: 0}
  m_PrefabInstance: {fileID: 0}
  m_PrefabAsset: {fileID: 0}
  serializedVersion: 6
  m_Component:
  - component: {fileID: 955637399}
  m_Layer: 0
  m_Name: Model
  m_TagString: Untagged
  m_Icon: {fileID: 0}
  m_NavMeshLayer: 0
  m_StaticEditorFlags: 0
  m_IsActive: 1
--- !u!4 &955637399
Transform:
  m_ObjectHideFlags: 0
  m_CorrespondingSourceObject: {fileID: 0}
  m_PrefabInstance: {fileID: 0}
  m_PrefabAsset: {fileID: 0}
  m_GameObject: {fileID: 955637398}
  m_LocalRotation: {x: -0, y: -0, z: -0, w: 1}
  m_LocalPosition: {x: 0, y: 0, z: 0}
  m_LocalScale: {x: 1, y: 1, z: 1}
  m_ConstrainProportionsScale: 0
  m_Children:
  - {fileID: 1379376513}
  m_Father: {fileID: 911611340}
  m_RootOrder: 0
  m_LocalEulerAnglesHint: {x: 0, y: 0, z: 0}
--- !u!1 &1379376512
GameObject:
  m_ObjectHideFlags: 0
  m_CorrespondingSourceObject: {fileID: 0}
  m_PrefabInstance: {fileID: 0}
  m_PrefabAsset: {fileID: 0}
  serializedVersion: 6
  m_Component:
  - component: {fileID: 1379376513}
  - component: {fileID: 1379376514}
  m_Layer: 0
  m_Name: Palm
  m_TagString: Untagged
  m_Icon: {fileID: 0}
  m_NavMeshLayer: 0
  m_StaticEditorFlags: 0
  m_IsActive: 1
--- !u!4 &1379376513
Transform:
  m_ObjectHideFlags: 0
  m_CorrespondingSourceObject: {fileID: 0}
  m_PrefabInstance: {fileID: 0}
  m_PrefabAsset: {fileID: 0}
  m_GameObject: {fileID: 1379376512}
  m_LocalRotation: {x: -0, y: -0, z: -0, w: 1}
  m_LocalPosition: {x: 0, y: 0, z: 0}
  m_LocalScale: {x: 1, y: 1, z: 1}
  m_ConstrainProportionsScale: 0
  m_Children: []
  m_Father: {fileID: 955637399}
  m_RootOrder: 0
  m_LocalEulerAnglesHint: {x: 0, y: 0, z: 0}
--- !u!114 &1379376514
MonoBehaviour:
  m_ObjectHideFlags: 0
  m_CorrespondingSourceObject: {fileID: 0}
  m_PrefabInstance: {fileID: 0}
  m_PrefabAsset: {fileID: 0}
  m_GameObject: {fileID: 1379376512}
  m_Enabled: 1
  m_EditorHideFlags: 0
  m_Script: {fileID: 11500000, guid: abee63302fdc2bb4f80efe129df0a723, type: 3}
  m_Name: 
  m_EditorClassIdentifier: 
  _hand: {fileID: 911611341}
  _handJointId: 0
  _localPositionOffset: {x: 0.08, y: -0.02, z: 0}
  _rotationOffset: {x: 0, y: 0, z: 0, w: 1}
--- !u!1 &1491895141
GameObject:
  m_ObjectHideFlags: 0
  m_CorrespondingSourceObject: {fileID: 0}
  m_PrefabInstance: {fileID: 0}
  m_PrefabAsset: {fileID: 0}
  serializedVersion: 6
  m_Component:
  - component: {fileID: 1491895142}
  - component: {fileID: 1491895143}
  - component: {fileID: 1491895147}
  - component: {fileID: 1491895146}
  - component: {fileID: 1491895144}
  - component: {fileID: 1491895148}
  m_Layer: 0
  m_Name: HandPokeInteractorPalm
  m_TagString: Untagged
  m_Icon: {fileID: 0}
  m_NavMeshLayer: 0
  m_StaticEditorFlags: 0
  m_IsActive: 1
--- !u!4 &1491895142
Transform:
  m_ObjectHideFlags: 0
  m_CorrespondingSourceObject: {fileID: 0}
  m_PrefabInstance: {fileID: 0}
  m_PrefabAsset: {fileID: 0}
  m_GameObject: {fileID: 1491895141}
  m_LocalRotation: {x: -0, y: -0, z: -0, w: 1}
  m_LocalPosition: {x: 0, y: 0, z: 0}
  m_LocalScale: {x: 1, y: 1, z: 1}
  m_ConstrainProportionsScale: 0
  m_Children:
  - {fileID: 1842950548}
  m_Father: {fileID: 496700924597618081}
  m_RootOrder: 2
  m_LocalEulerAnglesHint: {x: 0, y: 0, z: 0}
--- !u!114 &1491895143
MonoBehaviour:
  m_ObjectHideFlags: 0
  m_CorrespondingSourceObject: {fileID: 0}
  m_PrefabInstance: {fileID: 0}
  m_PrefabAsset: {fileID: 0}
  m_GameObject: {fileID: 1491895141}
  m_Enabled: 1
  m_EditorHideFlags: 0
  m_Script: {fileID: 11500000, guid: b14164f8f23faae4293baeb84485b3d6, type: 3}
  m_Name: 
  m_EditorClassIdentifier: 
  _hand: {fileID: 8784088233621880685}
--- !u!114 &1491895147
MonoBehaviour:
  m_ObjectHideFlags: 0
  m_CorrespondingSourceObject: {fileID: 0}
  m_PrefabInstance: {fileID: 0}
  m_PrefabAsset: {fileID: 0}
  m_GameObject: {fileID: 1491895141}
  m_Enabled: 1
  m_EditorHideFlags: 0
  m_Script: {fileID: 11500000, guid: 194b7d1054b8fa64b9bdcea46d06c3a1, type: 3}
  m_Name: 
  m_EditorClassIdentifier: 
  _activeState: {fileID: 1491895143}
  _includeChildrenAsDependents: 1
  _gameObjects: []
  _monoBehaviours: []
--- !u!114 &1491895146
MonoBehaviour:
  m_ObjectHideFlags: 0
  m_CorrespondingSourceObject: {fileID: 0}
  m_PrefabInstance: {fileID: 0}
  m_PrefabAsset: {fileID: 0}
  m_GameObject: {fileID: 1491895141}
  m_Enabled: 1
  m_EditorHideFlags: 0
  m_Script: {fileID: 11500000, guid: d952c175ec3c6554199fd744548ce50a, type: 3}
  m_Name: 
  m_EditorClassIdentifier: 
  _activeState: {fileID: 0}
  _interactableFilters:
  - {fileID: 1491895148}
  _maxIterationsPerFrame: 3
  _data: {fileID: 0}
  _pointTransform: {fileID: 2062198822}
  _radius: 0.005
  _touchReleaseThreshold: 0.002
  _equalDistanceThreshold: 0.001
--- !u!114 &1491895144
MonoBehaviour:
  m_ObjectHideFlags: 0
  m_CorrespondingSourceObject: {fileID: 0}
  m_PrefabInstance: {fileID: 0}
  m_PrefabAsset: {fileID: 0}
  m_GameObject: {fileID: 1491895141}
  m_Enabled: 1
  m_EditorHideFlags: 0
  m_Script: {fileID: 11500000, guid: cb028ce99f9700e4197a49bfdcd525dd, type: 3}
  m_Name: 
  m_EditorClassIdentifier: 
  _hand: {fileID: 1491895143}
  _pokeInteractor: {fileID: 1491895146}
  _syntheticHand: {fileID: 919283380925462065}
--- !u!114 &1491895148
MonoBehaviour:
  m_ObjectHideFlags: 0
  m_CorrespondingSourceObject: {fileID: 0}
  m_PrefabInstance: {fileID: 0}
  m_PrefabAsset: {fileID: 0}
  m_GameObject: {fileID: 1491895141}
  m_Enabled: 1
  m_EditorHideFlags: 0
  m_Script: {fileID: 11500000, guid: 75d3a1facc5f29d4ea65d3af68af5c9e, type: 3}
  m_Name: 
  m_EditorClassIdentifier: 
  _requireTags:
  - Button
  _excludeTags: []
--- !u!1 &1623399641
GameObject:
  m_ObjectHideFlags: 0
  m_CorrespondingSourceObject: {fileID: 0}
  m_PrefabInstance: {fileID: 0}
  m_PrefabAsset: {fileID: 0}
  serializedVersion: 6
  m_Component:
  - component: {fileID: 1623399642}
  - component: {fileID: 1623399643}
  m_Layer: 0
  m_Name: Fist
  m_TagString: Untagged
  m_Icon: {fileID: 0}
  m_NavMeshLayer: 0
  m_StaticEditorFlags: 0
  m_IsActive: 1
--- !u!4 &1623399642
Transform:
  m_ObjectHideFlags: 0
  m_CorrespondingSourceObject: {fileID: 0}
  m_PrefabInstance: {fileID: 0}
  m_PrefabAsset: {fileID: 0}
  m_GameObject: {fileID: 1623399641}
  m_LocalRotation: {x: -0, y: -0, z: -0, w: 1}
  m_LocalPosition: {x: 0, y: 0, z: 0}
  m_LocalScale: {x: 1, y: 1, z: 1}
  m_ConstrainProportionsScale: 0
  m_Children: []
  m_Father: {fileID: 609881282}
  m_RootOrder: 0
  m_LocalEulerAnglesHint: {x: 0, y: 0, z: 0}
--- !u!114 &1623399643
MonoBehaviour:
  m_ObjectHideFlags: 0
  m_CorrespondingSourceObject: {fileID: 0}
  m_PrefabInstance: {fileID: 0}
  m_PrefabAsset: {fileID: 0}
  m_GameObject: {fileID: 1623399641}
  m_Enabled: 1
  m_EditorHideFlags: 0
  m_Script: {fileID: 11500000, guid: abee63302fdc2bb4f80efe129df0a723, type: 3}
  m_Name: 
  m_EditorClassIdentifier: 
  _hand: {fileID: 166295857}
  _handJointId: 15
  _localPositionOffset: {x: 0, y: 0, z: 0}
  _rotationOffset: {x: 0, y: 0, z: 0, w: 1}
--- !u!1 &1842950547
GameObject:
  m_ObjectHideFlags: 0
  m_CorrespondingSourceObject: {fileID: 0}
  m_PrefabInstance: {fileID: 0}
  m_PrefabAsset: {fileID: 0}
  serializedVersion: 6
  m_Component:
  - component: {fileID: 1842950548}
  m_Layer: 0
  m_Name: Model
  m_TagString: Untagged
  m_Icon: {fileID: 0}
  m_NavMeshLayer: 0
  m_StaticEditorFlags: 0
  m_IsActive: 1
--- !u!4 &1842950548
Transform:
  m_ObjectHideFlags: 0
  m_CorrespondingSourceObject: {fileID: 0}
  m_PrefabInstance: {fileID: 0}
  m_PrefabAsset: {fileID: 0}
  m_GameObject: {fileID: 1842950547}
  m_LocalRotation: {x: -0, y: -0, z: -0, w: 1}
  m_LocalPosition: {x: 0, y: 0, z: 0}
  m_LocalScale: {x: 1, y: 1, z: 1}
  m_ConstrainProportionsScale: 0
  m_Children:
  - {fileID: 2062198822}
  m_Father: {fileID: 1491895142}
  m_RootOrder: 0
  m_LocalEulerAnglesHint: {x: 0, y: 0, z: 0}
--- !u!1 &2062198821
GameObject:
  m_ObjectHideFlags: 0
  m_CorrespondingSourceObject: {fileID: 0}
  m_PrefabInstance: {fileID: 0}
  m_PrefabAsset: {fileID: 0}
  serializedVersion: 6
  m_Component:
  - component: {fileID: 2062198822}
  - component: {fileID: 2062198823}
  m_Layer: 0
  m_Name: Palm
  m_TagString: Untagged
  m_Icon: {fileID: 0}
  m_NavMeshLayer: 0
  m_StaticEditorFlags: 0
  m_IsActive: 1
--- !u!4 &2062198822
Transform:
  m_ObjectHideFlags: 0
  m_CorrespondingSourceObject: {fileID: 0}
  m_PrefabInstance: {fileID: 0}
  m_PrefabAsset: {fileID: 0}
  m_GameObject: {fileID: 2062198821}
  m_LocalRotation: {x: -0, y: -0, z: -0, w: 1}
  m_LocalPosition: {x: 0, y: 0, z: 0}
  m_LocalScale: {x: 1, y: 1, z: 1}
  m_ConstrainProportionsScale: 0
  m_Children: []
  m_Father: {fileID: 1842950548}
  m_RootOrder: 0
  m_LocalEulerAnglesHint: {x: 0, y: 0, z: 0}
--- !u!114 &2062198823
MonoBehaviour:
  m_ObjectHideFlags: 0
  m_CorrespondingSourceObject: {fileID: 0}
  m_PrefabInstance: {fileID: 0}
  m_PrefabAsset: {fileID: 0}
  m_GameObject: {fileID: 2062198821}
  m_Enabled: 1
  m_EditorHideFlags: 0
  m_Script: {fileID: 11500000, guid: abee63302fdc2bb4f80efe129df0a723, type: 3}
  m_Name: 
  m_EditorClassIdentifier: 
  _hand: {fileID: 1491895143}
  _handJointId: 0
  _localPositionOffset: {x: 0.08, y: -0.02, z: 0}
  _rotationOffset: {x: 0, y: 0, z: 0, w: 1}
--- !u!1 &6678269571562373685
GameObject:
  m_ObjectHideFlags: 0
  m_CorrespondingSourceObject: {fileID: 0}
  m_PrefabInstance: {fileID: 0}
  m_PrefabAsset: {fileID: 0}
  serializedVersion: 6
  m_Component:
  - component: {fileID: 6357171400049970933}
  - component: {fileID: 3730632290436700508}
  - component: {fileID: 8937797799668855672}
  m_Layer: 0
  m_Name: OVRInteraction
  m_TagString: Untagged
  m_Icon: {fileID: 0}
  m_NavMeshLayer: 0
  m_StaticEditorFlags: 0
  m_IsActive: 1
--- !u!4 &6357171400049970933
Transform:
  m_ObjectHideFlags: 0
  m_CorrespondingSourceObject: {fileID: 0}
  m_PrefabInstance: {fileID: 0}
  m_PrefabAsset: {fileID: 0}
  m_GameObject: {fileID: 6678269571562373685}
  m_LocalRotation: {x: 0, y: 0, z: 0, w: 1}
  m_LocalPosition: {x: 0, y: 0, z: 0}
  m_LocalScale: {x: 1, y: 1, z: 1}
  m_ConstrainProportionsScale: 0
  m_Children:
  - {fileID: 4712682962664965729}
  - {fileID: 3856764433692448757}
  - {fileID: 685890925541072837}
  m_Father: {fileID: 0}
  m_RootOrder: 0
  m_LocalEulerAnglesHint: {x: 0, y: 0, z: 0}
--- !u!114 &3730632290436700508
MonoBehaviour:
  m_ObjectHideFlags: 0
  m_CorrespondingSourceObject: {fileID: 0}
  m_PrefabInstance: {fileID: 0}
  m_PrefabAsset: {fileID: 0}
  m_GameObject: {fileID: 6678269571562373685}
  m_Enabled: 1
  m_EditorHideFlags: 0
  m_Script: {fileID: 11500000, guid: a7b47e36715521d4e8a30d2c5b6e83e2, type: 3}
  m_Name: 
  m_EditorClassIdentifier: 
  _ovrCameraRig: {fileID: 0}
  _requireOvrHands: 1
--- !u!114 &8937797799668855672
MonoBehaviour:
  m_ObjectHideFlags: 0
  m_CorrespondingSourceObject: {fileID: 0}
  m_PrefabInstance: {fileID: 0}
  m_PrefabAsset: {fileID: 0}
  m_GameObject: {fileID: 6678269571562373685}
  m_Enabled: 1
  m_EditorHideFlags: 0
  m_Script: {fileID: 11500000, guid: 998a5646185efb9488265f3a2f35a99a, type: 3}
  m_Name: 
  m_EditorClassIdentifier: 
  _cameraRigRef: {fileID: 3730632290436700508}
--- !u!1001 &815360879494687551
PrefabInstance:
  m_ObjectHideFlags: 0
  serializedVersion: 2
  m_Modification:
    m_TransformParent: {fileID: 3999544102583097742}
    m_Modifications:
    - target: {fileID: 4977421493488092299, guid: 424c2298facd2bf419beffd69e8cc855, type: 3}
      propertyPath: m_IsActive
      value: 1
      objectReference: {fileID: 0}
    - target: {fileID: 5346183831593185114, guid: 424c2298facd2bf419beffd69e8cc855, type: 3}
      propertyPath: _hand
      value: 
      objectReference: {fileID: 4949760448603267540}
    - target: {fileID: 5419937293532398298, guid: 424c2298facd2bf419beffd69e8cc855, type: 3}
      propertyPath: m_Name
      value: HandPokeInteractor
      objectReference: {fileID: 0}
    - target: {fileID: 5419937293532398301, guid: 424c2298facd2bf419beffd69e8cc855, type: 3}
      propertyPath: m_RootOrder
      value: 0
      objectReference: {fileID: 0}
    - target: {fileID: 5419937293532398301, guid: 424c2298facd2bf419beffd69e8cc855, type: 3}
      propertyPath: m_LocalPosition.x
      value: 0
      objectReference: {fileID: 0}
    - target: {fileID: 5419937293532398301, guid: 424c2298facd2bf419beffd69e8cc855, type: 3}
      propertyPath: m_LocalPosition.y
      value: 0
      objectReference: {fileID: 0}
    - target: {fileID: 5419937293532398301, guid: 424c2298facd2bf419beffd69e8cc855, type: 3}
      propertyPath: m_LocalPosition.z
      value: 0
      objectReference: {fileID: 0}
    - target: {fileID: 5419937293532398301, guid: 424c2298facd2bf419beffd69e8cc855, type: 3}
      propertyPath: m_LocalRotation.w
      value: 1
      objectReference: {fileID: 0}
    - target: {fileID: 5419937293532398301, guid: 424c2298facd2bf419beffd69e8cc855, type: 3}
      propertyPath: m_LocalRotation.x
      value: -0
      objectReference: {fileID: 0}
    - target: {fileID: 5419937293532398301, guid: 424c2298facd2bf419beffd69e8cc855, type: 3}
      propertyPath: m_LocalRotation.y
      value: -0
      objectReference: {fileID: 0}
    - target: {fileID: 5419937293532398301, guid: 424c2298facd2bf419beffd69e8cc855, type: 3}
      propertyPath: m_LocalRotation.z
      value: -0
      objectReference: {fileID: 0}
    - target: {fileID: 5419937293532398301, guid: 424c2298facd2bf419beffd69e8cc855, type: 3}
      propertyPath: m_LocalEulerAnglesHint.x
      value: 0
      objectReference: {fileID: 0}
    - target: {fileID: 5419937293532398301, guid: 424c2298facd2bf419beffd69e8cc855, type: 3}
      propertyPath: m_LocalEulerAnglesHint.y
      value: 0
      objectReference: {fileID: 0}
    - target: {fileID: 5419937293532398301, guid: 424c2298facd2bf419beffd69e8cc855, type: 3}
      propertyPath: m_LocalEulerAnglesHint.z
      value: 0
      objectReference: {fileID: 0}
    - target: {fileID: 5419937294994736469, guid: 424c2298facd2bf419beffd69e8cc855, type: 3}
      propertyPath: _offset.x
      value: 0.017
      objectReference: {fileID: 0}
    - target: {fileID: 5903181773383361112, guid: 424c2298facd2bf419beffd69e8cc855, type: 3}
      propertyPath: _syntheticHand
      value: 
      objectReference: {fileID: 8291785529573195544}
    m_RemovedComponents: []
  m_SourcePrefab: {fileID: 100100000, guid: 424c2298facd2bf419beffd69e8cc855, type: 3}
--- !u!114 &1000923460828177528 stripped
MonoBehaviour:
  m_CorrespondingSourceObject: {fileID: 482801000701448007, guid: 424c2298facd2bf419beffd69e8cc855, type: 3}
  m_PrefabInstance: {fileID: 815360879494687551}
  m_PrefabAsset: {fileID: 0}
  m_GameObject: {fileID: 0}
  m_Enabled: 1
  m_EditorHideFlags: 0
  m_Script: {fileID: 11500000, guid: d952c175ec3c6554199fd744548ce50a, type: 3}
  m_Name: 
  m_EditorClassIdentifier: 
--- !u!1001 &3072815812539638908
PrefabInstance:
  m_ObjectHideFlags: 0
  serializedVersion: 2
  m_Modification:
    m_TransformParent: {fileID: 5420573026336800540}
    m_Modifications:
    - target: {fileID: 1933587497558213154, guid: caf1104dfe6d01c4e9dabd59f18e535a, type: 3}
      propertyPath: m_RootOrder
      value: 0
      objectReference: {fileID: 0}
    - target: {fileID: 1933587497558213154, guid: caf1104dfe6d01c4e9dabd59f18e535a, type: 3}
      propertyPath: m_LocalPosition.x
      value: 0
      objectReference: {fileID: 0}
    - target: {fileID: 1933587497558213154, guid: caf1104dfe6d01c4e9dabd59f18e535a, type: 3}
      propertyPath: m_LocalPosition.y
      value: 0
      objectReference: {fileID: 0}
    - target: {fileID: 1933587497558213154, guid: caf1104dfe6d01c4e9dabd59f18e535a, type: 3}
      propertyPath: m_LocalPosition.z
      value: 0
      objectReference: {fileID: 0}
    - target: {fileID: 1933587497558213154, guid: caf1104dfe6d01c4e9dabd59f18e535a, type: 3}
      propertyPath: m_LocalRotation.w
      value: 1
      objectReference: {fileID: 0}
    - target: {fileID: 1933587497558213154, guid: caf1104dfe6d01c4e9dabd59f18e535a, type: 3}
      propertyPath: m_LocalRotation.x
      value: -0
      objectReference: {fileID: 0}
    - target: {fileID: 1933587497558213154, guid: caf1104dfe6d01c4e9dabd59f18e535a, type: 3}
      propertyPath: m_LocalRotation.y
      value: -0
      objectReference: {fileID: 0}
    - target: {fileID: 1933587497558213154, guid: caf1104dfe6d01c4e9dabd59f18e535a, type: 3}
      propertyPath: m_LocalRotation.z
      value: -0
      objectReference: {fileID: 0}
    - target: {fileID: 1933587497558213154, guid: caf1104dfe6d01c4e9dabd59f18e535a, type: 3}
      propertyPath: m_LocalEulerAnglesHint.x
      value: 0
      objectReference: {fileID: 0}
    - target: {fileID: 1933587497558213154, guid: caf1104dfe6d01c4e9dabd59f18e535a, type: 3}
      propertyPath: m_LocalEulerAnglesHint.y
      value: 0
      objectReference: {fileID: 0}
    - target: {fileID: 1933587497558213154, guid: caf1104dfe6d01c4e9dabd59f18e535a, type: 3}
      propertyPath: m_LocalEulerAnglesHint.z
      value: 0
      objectReference: {fileID: 0}
    - target: {fileID: 1933587497558213157, guid: caf1104dfe6d01c4e9dabd59f18e535a, type: 3}
      propertyPath: m_Name
      value: ControllerPokeInteractor
      objectReference: {fileID: 0}
    - target: {fileID: 6890038641385330087, guid: caf1104dfe6d01c4e9dabd59f18e535a, type: 3}
      propertyPath: _controller
      value: 
      objectReference: {fileID: 9155358935803189782}
    - target: {fileID: 7784094158884016172, guid: caf1104dfe6d01c4e9dabd59f18e535a, type: 3}
      propertyPath: m_RootOrder
      value: 0
      objectReference: {fileID: 0}
    m_RemovedComponents: []
  m_SourcePrefab: {fileID: 100100000, guid: caf1104dfe6d01c4e9dabd59f18e535a, type: 3}
--- !u!114 &9076321795725831108 stripped
MonoBehaviour:
  m_CorrespondingSourceObject: {fileID: 6291888386235912120, guid: caf1104dfe6d01c4e9dabd59f18e535a, type: 3}
  m_PrefabInstance: {fileID: 3072815812539638908}
  m_PrefabAsset: {fileID: 0}
  m_GameObject: {fileID: 0}
  m_Enabled: 1
  m_EditorHideFlags: 0
  m_Script: {fileID: 11500000, guid: d952c175ec3c6554199fd744548ce50a, type: 3}
  m_Name: 
  m_EditorClassIdentifier: 
--- !u!1001 &5337030676141839826
PrefabInstance:
  m_ObjectHideFlags: 0
  serializedVersion: 2
  m_Modification:
    m_TransformParent: {fileID: 6357171400049970933}
    m_Modifications:
    - target: {fileID: 15374482166302223, guid: ea16c3c8c1688234fa81a4f39339bf1b, type: 3}
      propertyPath: m_IsActive
      value: 0
      objectReference: {fileID: 0}
    - target: {fileID: 65207973030035947, guid: ea16c3c8c1688234fa81a4f39339bf1b, type: 3}
      propertyPath: m_Name
      value: OVRHands
      objectReference: {fileID: 0}
    - target: {fileID: 3363867107013514217, guid: ea16c3c8c1688234fa81a4f39339bf1b, type: 3}
      propertyPath: m_IsActive
      value: 0
      objectReference: {fileID: 0}
    - target: {fileID: 4392756070075192809, guid: ea16c3c8c1688234fa81a4f39339bf1b, type: 3}
      propertyPath: m_Enabled
      value: 0
      objectReference: {fileID: 0}
    - target: {fileID: 4392756070075192809, guid: ea16c3c8c1688234fa81a4f39339bf1b, type: 3}
      propertyPath: _interactors.Array.size
      value: 3
      objectReference: {fileID: 0}
    - target: {fileID: 4392756070075192809, guid: ea16c3c8c1688234fa81a4f39339bf1b, type: 3}
      propertyPath: _interactors.Array.data[0]
      value: 
      objectReference: {fileID: 8784149321144535454}
    - target: {fileID: 4392756070075192809, guid: ea16c3c8c1688234fa81a4f39339bf1b, type: 3}
      propertyPath: _interactors.Array.data[1]
      value: 
      objectReference: {fileID: 776989081}
    - target: {fileID: 4392756070075192809, guid: ea16c3c8c1688234fa81a4f39339bf1b, type: 3}
      propertyPath: _interactors.Array.data[2]
      value: 
      objectReference: {fileID: 1491895146}
    - target: {fileID: 4869577802921675287, guid: ea16c3c8c1688234fa81a4f39339bf1b, type: 3}
      propertyPath: m_RootOrder
      value: 2
      objectReference: {fileID: 0}
    - target: {fileID: 4869577802921675287, guid: ea16c3c8c1688234fa81a4f39339bf1b, type: 3}
      propertyPath: m_LocalPosition.x
      value: 0
      objectReference: {fileID: 0}
    - target: {fileID: 4869577802921675287, guid: ea16c3c8c1688234fa81a4f39339bf1b, type: 3}
      propertyPath: m_LocalPosition.y
      value: 0
      objectReference: {fileID: 0}
    - target: {fileID: 4869577802921675287, guid: ea16c3c8c1688234fa81a4f39339bf1b, type: 3}
      propertyPath: m_LocalPosition.z
      value: 0
      objectReference: {fileID: 0}
    - target: {fileID: 4869577802921675287, guid: ea16c3c8c1688234fa81a4f39339bf1b, type: 3}
      propertyPath: m_LocalRotation.w
      value: 1
      objectReference: {fileID: 0}
    - target: {fileID: 4869577802921675287, guid: ea16c3c8c1688234fa81a4f39339bf1b, type: 3}
      propertyPath: m_LocalRotation.x
      value: 0
      objectReference: {fileID: 0}
    - target: {fileID: 4869577802921675287, guid: ea16c3c8c1688234fa81a4f39339bf1b, type: 3}
      propertyPath: m_LocalRotation.y
      value: 0
      objectReference: {fileID: 0}
    - target: {fileID: 4869577802921675287, guid: ea16c3c8c1688234fa81a4f39339bf1b, type: 3}
      propertyPath: m_LocalRotation.z
      value: 0
      objectReference: {fileID: 0}
    - target: {fileID: 4869577802921675287, guid: ea16c3c8c1688234fa81a4f39339bf1b, type: 3}
      propertyPath: m_LocalEulerAnglesHint.x
      value: 0
      objectReference: {fileID: 0}
    - target: {fileID: 4869577802921675287, guid: ea16c3c8c1688234fa81a4f39339bf1b, type: 3}
      propertyPath: m_LocalEulerAnglesHint.y
      value: 0
      objectReference: {fileID: 0}
    - target: {fileID: 4869577802921675287, guid: ea16c3c8c1688234fa81a4f39339bf1b, type: 3}
      propertyPath: m_LocalEulerAnglesHint.z
      value: 0
      objectReference: {fileID: 0}
    - target: {fileID: 6339505922184086532, guid: ea16c3c8c1688234fa81a4f39339bf1b, type: 3}
      propertyPath: _hmdData
      value: 
      objectReference: {fileID: 174964572071760453, guid: d5a57294ee0164048839798b4c09a7f0, type: 3}
    - target: {fileID: 6339505922184086532, guid: ea16c3c8c1688234fa81a4f39339bf1b, type: 3}
      propertyPath: _cameraRigRef
      value: 
      objectReference: {fileID: 3730632290436700508}
    - target: {fileID: 6339505922184086532, guid: ea16c3c8c1688234fa81a4f39339bf1b, type: 3}
      propertyPath: _trackingToWorldTransformer
      value: 
      objectReference: {fileID: 8937797799668855672}
    - target: {fileID: 7048434468649777690, guid: ea16c3c8c1688234fa81a4f39339bf1b, type: 3}
      propertyPath: m_Enabled
      value: 0
      objectReference: {fileID: 0}
    - target: {fileID: 7048434468649777690, guid: ea16c3c8c1688234fa81a4f39339bf1b, type: 3}
      propertyPath: _interactors.Array.size
      value: 3
      objectReference: {fileID: 0}
    - target: {fileID: 7048434468649777690, guid: ea16c3c8c1688234fa81a4f39339bf1b, type: 3}
      propertyPath: _interactors.Array.data[0]
      value: 
      objectReference: {fileID: 1000923460828177528}
    - target: {fileID: 7048434468649777690, guid: ea16c3c8c1688234fa81a4f39339bf1b, type: 3}
      propertyPath: _interactors.Array.data[1]
      value: 
      objectReference: {fileID: 166295860}
    - target: {fileID: 7048434468649777690, guid: ea16c3c8c1688234fa81a4f39339bf1b, type: 3}
      propertyPath: _interactors.Array.data[2]
      value: 
      objectReference: {fileID: 911611344}
    - target: {fileID: 7312179887322021490, guid: ea16c3c8c1688234fa81a4f39339bf1b, type: 3}
      propertyPath: _hmdData
      value: 
      objectReference: {fileID: 174964572071760453, guid: d5a57294ee0164048839798b4c09a7f0, type: 3}
    - target: {fileID: 7312179887322021490, guid: ea16c3c8c1688234fa81a4f39339bf1b, type: 3}
      propertyPath: _cameraRigRef
      value: 
      objectReference: {fileID: 3730632290436700508}
    - target: {fileID: 7312179887322021490, guid: ea16c3c8c1688234fa81a4f39339bf1b, type: 3}
      propertyPath: _trackingToWorldTransformer
      value: 
      objectReference: {fileID: 8937797799668855672}
    m_RemovedComponents: []
  m_SourcePrefab: {fileID: 100100000, guid: ea16c3c8c1688234fa81a4f39339bf1b, type: 3}
--- !u!4 &496700924597618081 stripped
Transform:
  m_CorrespondingSourceObject: {fileID: 5545149144574972019, guid: ea16c3c8c1688234fa81a4f39339bf1b, type: 3}
  m_PrefabInstance: {fileID: 5337030676141839826}
  m_PrefabAsset: {fileID: 0}
--- !u!4 &685890925541072837 stripped
Transform:
  m_CorrespondingSourceObject: {fileID: 4869577802921675287, guid: ea16c3c8c1688234fa81a4f39339bf1b, type: 3}
  m_PrefabInstance: {fileID: 5337030676141839826}
  m_PrefabAsset: {fileID: 0}
--- !u!4 &3999544102583097742 stripped
Transform:
  m_CorrespondingSourceObject: {fileID: 9048238750646488156, guid: ea16c3c8c1688234fa81a4f39339bf1b, type: 3}
  m_PrefabInstance: {fileID: 5337030676141839826}
  m_PrefabAsset: {fileID: 0}
--- !u!114 &4949760448603267540 stripped
MonoBehaviour:
  m_CorrespondingSourceObject: {fileID: 1054376643923719174, guid: ea16c3c8c1688234fa81a4f39339bf1b, type: 3}
  m_PrefabInstance: {fileID: 5337030676141839826}
  m_PrefabAsset: {fileID: 0}
  m_GameObject: {fileID: 0}
  m_Enabled: 1
  m_EditorHideFlags: 0
  m_Script: {fileID: 11500000, guid: 1a379f34d4f4f2e408d34f14bfb753ce, type: 3}
  m_Name: 
  m_EditorClassIdentifier: 
--- !u!114 &8784088233621880685 stripped
MonoBehaviour:
  m_CorrespondingSourceObject: {fileID: 3744647067011934911, guid: ea16c3c8c1688234fa81a4f39339bf1b, type: 3}
  m_PrefabInstance: {fileID: 5337030676141839826}
  m_PrefabAsset: {fileID: 0}
  m_GameObject: {fileID: 0}
  m_Enabled: 1
  m_EditorHideFlags: 0
  m_Script: {fileID: 11500000, guid: 1a379f34d4f4f2e408d34f14bfb753ce, type: 3}
  m_Name: 
  m_EditorClassIdentifier: 
--- !u!1001 &5337030678111107360
PrefabInstance:
  m_ObjectHideFlags: 0
  serializedVersion: 2
  m_Modification:
    m_TransformParent: {fileID: 6357171400049970933}
    m_Modifications:
    - target: {fileID: 636905562588498309, guid: fbfc588a949bb1a42b20e5bddc4cf8cf, type: 3}
      propertyPath: _interactors.Array.size
      value: 1
      objectReference: {fileID: 0}
    - target: {fileID: 636905562588498309, guid: fbfc588a949bb1a42b20e5bddc4cf8cf, type: 3}
      propertyPath: _interactors.Array.data[0]
      value: 
      objectReference: {fileID: 9076321795725831108}
    - target: {fileID: 905404198696409546, guid: fbfc588a949bb1a42b20e5bddc4cf8cf, type: 3}
      propertyPath: _hmdData
      value: 
      objectReference: {fileID: 174964572071760453, guid: d5a57294ee0164048839798b4c09a7f0, type: 3}
    - target: {fileID: 905404198696409546, guid: fbfc588a949bb1a42b20e5bddc4cf8cf, type: 3}
      propertyPath: _cameraRigRef
      value: 
      objectReference: {fileID: 3730632290436700508}
    - target: {fileID: 905404198696409546, guid: fbfc588a949bb1a42b20e5bddc4cf8cf, type: 3}
      propertyPath: _trackingToWorldTransformer
      value: 
      objectReference: {fileID: 8937797799668855672}
    - target: {fileID: 2698047492333244337, guid: fbfc588a949bb1a42b20e5bddc4cf8cf, type: 3}
      propertyPath: m_Name
      value: OVRControllers
      objectReference: {fileID: 0}
    - target: {fileID: 4463783186525425583, guid: fbfc588a949bb1a42b20e5bddc4cf8cf, type: 3}
      propertyPath: _interactors.Array.size
      value: 1
      objectReference: {fileID: 0}
    - target: {fileID: 4463783186525425583, guid: fbfc588a949bb1a42b20e5bddc4cf8cf, type: 3}
      propertyPath: _interactors.Array.data[0]
      value: 
      objectReference: {fileID: 1966519500210685219}
    - target: {fileID: 7698479342617112532, guid: fbfc588a949bb1a42b20e5bddc4cf8cf, type: 3}
      propertyPath: _hmdData
      value: 
      objectReference: {fileID: 174964572071760453, guid: d5a57294ee0164048839798b4c09a7f0, type: 3}
    - target: {fileID: 7698479342617112532, guid: fbfc588a949bb1a42b20e5bddc4cf8cf, type: 3}
      propertyPath: _cameraRigRef
      value: 
      objectReference: {fileID: 3730632290436700508}
    - target: {fileID: 7698479342617112532, guid: fbfc588a949bb1a42b20e5bddc4cf8cf, type: 3}
      propertyPath: _trackingToWorldTransformer
      value: 
      objectReference: {fileID: 8937797799668855672}
    - target: {fileID: 9193267195763093205, guid: fbfc588a949bb1a42b20e5bddc4cf8cf, type: 3}
      propertyPath: m_RootOrder
      value: 1
      objectReference: {fileID: 0}
    - target: {fileID: 9193267195763093205, guid: fbfc588a949bb1a42b20e5bddc4cf8cf, type: 3}
      propertyPath: m_LocalPosition.x
      value: 0
      objectReference: {fileID: 0}
    - target: {fileID: 9193267195763093205, guid: fbfc588a949bb1a42b20e5bddc4cf8cf, type: 3}
      propertyPath: m_LocalPosition.y
      value: 0
      objectReference: {fileID: 0}
    - target: {fileID: 9193267195763093205, guid: fbfc588a949bb1a42b20e5bddc4cf8cf, type: 3}
      propertyPath: m_LocalPosition.z
      value: 0
      objectReference: {fileID: 0}
    - target: {fileID: 9193267195763093205, guid: fbfc588a949bb1a42b20e5bddc4cf8cf, type: 3}
      propertyPath: m_LocalRotation.w
      value: 1
      objectReference: {fileID: 0}
    - target: {fileID: 9193267195763093205, guid: fbfc588a949bb1a42b20e5bddc4cf8cf, type: 3}
      propertyPath: m_LocalRotation.x
      value: 0
      objectReference: {fileID: 0}
    - target: {fileID: 9193267195763093205, guid: fbfc588a949bb1a42b20e5bddc4cf8cf, type: 3}
      propertyPath: m_LocalRotation.y
      value: 0
      objectReference: {fileID: 0}
    - target: {fileID: 9193267195763093205, guid: fbfc588a949bb1a42b20e5bddc4cf8cf, type: 3}
      propertyPath: m_LocalRotation.z
      value: 0
      objectReference: {fileID: 0}
    - target: {fileID: 9193267195763093205, guid: fbfc588a949bb1a42b20e5bddc4cf8cf, type: 3}
      propertyPath: m_LocalEulerAnglesHint.x
      value: 0
      objectReference: {fileID: 0}
    - target: {fileID: 9193267195763093205, guid: fbfc588a949bb1a42b20e5bddc4cf8cf, type: 3}
      propertyPath: m_LocalEulerAnglesHint.y
      value: 0
      objectReference: {fileID: 0}
    - target: {fileID: 9193267195763093205, guid: fbfc588a949bb1a42b20e5bddc4cf8cf, type: 3}
      propertyPath: m_LocalEulerAnglesHint.z
      value: 0
      objectReference: {fileID: 0}
    m_RemovedComponents: []
  m_SourcePrefab: {fileID: 100100000, guid: fbfc588a949bb1a42b20e5bddc4cf8cf, type: 3}
--- !u!114 &2845560957566268352 stripped
MonoBehaviour:
  m_CorrespondingSourceObject: {fileID: 7885107518003317472, guid: fbfc588a949bb1a42b20e5bddc4cf8cf, type: 3}
  m_PrefabInstance: {fileID: 5337030678111107360}
  m_PrefabAsset: {fileID: 0}
  m_GameObject: {fileID: 0}
  m_Enabled: 1
  m_EditorHideFlags: 0
  m_Script: {fileID: 11500000, guid: 4ae60cfa43388e449a7518f36418f81c, type: 3}
  m_Name: 
  m_EditorClassIdentifier: 
--- !u!4 &3856764433692448757 stripped
Transform:
  m_CorrespondingSourceObject: {fileID: 9193267195763093205, guid: fbfc588a949bb1a42b20e5bddc4cf8cf, type: 3}
  m_PrefabInstance: {fileID: 5337030678111107360}
  m_PrefabAsset: {fileID: 0}
--- !u!4 &4821649181467865584 stripped
Transform:
  m_CorrespondingSourceObject: {fileID: 646549660451555536, guid: fbfc588a949bb1a42b20e5bddc4cf8cf, type: 3}
  m_PrefabInstance: {fileID: 5337030678111107360}
  m_PrefabAsset: {fileID: 0}
--- !u!4 &5420573026336800540 stripped
Transform:
  m_CorrespondingSourceObject: {fileID: 83685398960850492, guid: fbfc588a949bb1a42b20e5bddc4cf8cf, type: 3}
  m_PrefabInstance: {fileID: 5337030678111107360}
  m_PrefabAsset: {fileID: 0}
--- !u!114 &9155358935803189782 stripped
MonoBehaviour:
  m_CorrespondingSourceObject: {fileID: 3827689620755440438, guid: fbfc588a949bb1a42b20e5bddc4cf8cf, type: 3}
  m_PrefabInstance: {fileID: 5337030678111107360}
  m_PrefabAsset: {fileID: 0}
  m_GameObject: {fileID: 0}
  m_Enabled: 1
  m_EditorHideFlags: 0
  m_Script: {fileID: 11500000, guid: 4ae60cfa43388e449a7518f36418f81c, type: 3}
  m_Name: 
  m_EditorClassIdentifier: 
--- !u!1001 &5484043174920882843
PrefabInstance:
  m_ObjectHideFlags: 0
  serializedVersion: 2
  m_Modification:
    m_TransformParent: {fileID: 4821649181467865584}
    m_Modifications:
    - target: {fileID: 1933587497558213154, guid: caf1104dfe6d01c4e9dabd59f18e535a, type: 3}
      propertyPath: m_RootOrder
      value: 0
      objectReference: {fileID: 0}
    - target: {fileID: 1933587497558213154, guid: caf1104dfe6d01c4e9dabd59f18e535a, type: 3}
      propertyPath: m_LocalPosition.x
      value: 0
      objectReference: {fileID: 0}
    - target: {fileID: 1933587497558213154, guid: caf1104dfe6d01c4e9dabd59f18e535a, type: 3}
      propertyPath: m_LocalPosition.y
      value: 0
      objectReference: {fileID: 0}
    - target: {fileID: 1933587497558213154, guid: caf1104dfe6d01c4e9dabd59f18e535a, type: 3}
      propertyPath: m_LocalPosition.z
      value: 0
      objectReference: {fileID: 0}
    - target: {fileID: 1933587497558213154, guid: caf1104dfe6d01c4e9dabd59f18e535a, type: 3}
      propertyPath: m_LocalRotation.w
      value: 1
      objectReference: {fileID: 0}
    - target: {fileID: 1933587497558213154, guid: caf1104dfe6d01c4e9dabd59f18e535a, type: 3}
      propertyPath: m_LocalRotation.x
      value: -0
      objectReference: {fileID: 0}
    - target: {fileID: 1933587497558213154, guid: caf1104dfe6d01c4e9dabd59f18e535a, type: 3}
      propertyPath: m_LocalRotation.y
      value: -0
      objectReference: {fileID: 0}
    - target: {fileID: 1933587497558213154, guid: caf1104dfe6d01c4e9dabd59f18e535a, type: 3}
      propertyPath: m_LocalRotation.z
      value: -0
      objectReference: {fileID: 0}
    - target: {fileID: 1933587497558213154, guid: caf1104dfe6d01c4e9dabd59f18e535a, type: 3}
      propertyPath: m_LocalEulerAnglesHint.x
      value: 0
      objectReference: {fileID: 0}
    - target: {fileID: 1933587497558213154, guid: caf1104dfe6d01c4e9dabd59f18e535a, type: 3}
      propertyPath: m_LocalEulerAnglesHint.y
      value: 0
      objectReference: {fileID: 0}
    - target: {fileID: 1933587497558213154, guid: caf1104dfe6d01c4e9dabd59f18e535a, type: 3}
      propertyPath: m_LocalEulerAnglesHint.z
      value: 0
      objectReference: {fileID: 0}
    - target: {fileID: 1933587497558213157, guid: caf1104dfe6d01c4e9dabd59f18e535a, type: 3}
      propertyPath: m_Name
      value: ControllerPokeInteractor
      objectReference: {fileID: 0}
    - target: {fileID: 6890038641385330087, guid: caf1104dfe6d01c4e9dabd59f18e535a, type: 3}
      propertyPath: _controller
      value: 
      objectReference: {fileID: 2845560957566268352}
    m_RemovedComponents: []
  m_SourcePrefab: {fileID: 100100000, guid: caf1104dfe6d01c4e9dabd59f18e535a, type: 3}
--- !u!114 &1966519500210685219 stripped
MonoBehaviour:
  m_CorrespondingSourceObject: {fileID: 6291888386235912120, guid: caf1104dfe6d01c4e9dabd59f18e535a, type: 3}
  m_PrefabInstance: {fileID: 5484043174920882843}
  m_PrefabAsset: {fileID: 0}
  m_GameObject: {fileID: 0}
  m_Enabled: 1
  m_EditorHideFlags: 0
  m_Script: {fileID: 11500000, guid: d952c175ec3c6554199fd744548ce50a, type: 3}
  m_Name: 
  m_EditorClassIdentifier: 
--- !u!1001 &7832595489462563994
PrefabInstance:
  m_ObjectHideFlags: 0
  serializedVersion: 2
  m_Modification:
    m_TransformParent: {fileID: 6357171400049970933}
    m_Modifications:
    - target: {fileID: 1666648664483901721, guid: 46b60c6fd5ee4fb4eb2aab6fc3de5c50, type: 3}
      propertyPath: _cameraRigRef
      value: 
      objectReference: {fileID: 3730632290436700508}
    - target: {fileID: 1666648664483901721, guid: 46b60c6fd5ee4fb4eb2aab6fc3de5c50, type: 3}
      propertyPath: _trackingToWorldTransformer
      value: 
      objectReference: {fileID: 8937797799668855672}
    - target: {fileID: 3302308642418619131, guid: 46b60c6fd5ee4fb4eb2aab6fc3de5c50, type: 3}
      propertyPath: m_RootOrder
      value: 0
      objectReference: {fileID: 0}
    - target: {fileID: 3302308642418619131, guid: 46b60c6fd5ee4fb4eb2aab6fc3de5c50, type: 3}
      propertyPath: m_LocalPosition.x
      value: 0
      objectReference: {fileID: 0}
    - target: {fileID: 3302308642418619131, guid: 46b60c6fd5ee4fb4eb2aab6fc3de5c50, type: 3}
      propertyPath: m_LocalPosition.y
      value: 0
      objectReference: {fileID: 0}
    - target: {fileID: 3302308642418619131, guid: 46b60c6fd5ee4fb4eb2aab6fc3de5c50, type: 3}
      propertyPath: m_LocalPosition.z
      value: 0
      objectReference: {fileID: 0}
    - target: {fileID: 3302308642418619131, guid: 46b60c6fd5ee4fb4eb2aab6fc3de5c50, type: 3}
      propertyPath: m_LocalRotation.w
      value: 1
      objectReference: {fileID: 0}
    - target: {fileID: 3302308642418619131, guid: 46b60c6fd5ee4fb4eb2aab6fc3de5c50, type: 3}
      propertyPath: m_LocalRotation.x
      value: -0
      objectReference: {fileID: 0}
    - target: {fileID: 3302308642418619131, guid: 46b60c6fd5ee4fb4eb2aab6fc3de5c50, type: 3}
      propertyPath: m_LocalRotation.y
      value: -0
      objectReference: {fileID: 0}
    - target: {fileID: 3302308642418619131, guid: 46b60c6fd5ee4fb4eb2aab6fc3de5c50, type: 3}
      propertyPath: m_LocalRotation.z
      value: -0
      objectReference: {fileID: 0}
    - target: {fileID: 3302308642418619131, guid: 46b60c6fd5ee4fb4eb2aab6fc3de5c50, type: 3}
      propertyPath: m_LocalEulerAnglesHint.x
      value: 0
      objectReference: {fileID: 0}
    - target: {fileID: 3302308642418619131, guid: 46b60c6fd5ee4fb4eb2aab6fc3de5c50, type: 3}
      propertyPath: m_LocalEulerAnglesHint.y
      value: 0
      objectReference: {fileID: 0}
    - target: {fileID: 3302308642418619131, guid: 46b60c6fd5ee4fb4eb2aab6fc3de5c50, type: 3}
      propertyPath: m_LocalEulerAnglesHint.z
      value: 0
      objectReference: {fileID: 0}
    - target: {fileID: 4407928774905555992, guid: 46b60c6fd5ee4fb4eb2aab6fc3de5c50, type: 3}
      propertyPath: m_Name
      value: OVRHmd
      objectReference: {fileID: 0}
    - target: {fileID: 7429438080402074591, guid: 46b60c6fd5ee4fb4eb2aab6fc3de5c50, type: 3}
      propertyPath: _cameraRigRef
      value: 
      objectReference: {fileID: 3730632290436700508}
    - target: {fileID: 7429438080402074591, guid: 46b60c6fd5ee4fb4eb2aab6fc3de5c50, type: 3}
      propertyPath: _trackingToWorldTransformer
      value: 
      objectReference: {fileID: 8937797799668855672}
    m_RemovedComponents: []
  m_SourcePrefab: {fileID: 100100000, guid: 46b60c6fd5ee4fb4eb2aab6fc3de5c50, type: 3}
--- !u!4 &4712682962664965729 stripped
Transform:
  m_CorrespondingSourceObject: {fileID: 3302308642418619131, guid: 46b60c6fd5ee4fb4eb2aab6fc3de5c50, type: 3}
  m_PrefabInstance: {fileID: 7832595489462563994}
  m_PrefabAsset: {fileID: 0}
--- !u!1001 &8934703130068462585
PrefabInstance:
  m_ObjectHideFlags: 0
  serializedVersion: 2
  m_Modification:
    m_TransformParent: {fileID: 685890925541072837}
    m_Modifications:
    - target: {fileID: 642930805460571361, guid: 94313e563929cb3499e3989be338a213, type: 3}
      propertyPath: _iModifyDataFromSourceMono
      value: 
      objectReference: {fileID: 4949760448603267540}
    - target: {fileID: 7716747580197146830, guid: 94313e563929cb3499e3989be338a213, type: 3}
      propertyPath: m_RootOrder
      value: 3
      objectReference: {fileID: 0}
    - target: {fileID: 7716747580197146830, guid: 94313e563929cb3499e3989be338a213, type: 3}
      propertyPath: m_LocalPosition.x
      value: 0
      objectReference: {fileID: 0}
    - target: {fileID: 7716747580197146830, guid: 94313e563929cb3499e3989be338a213, type: 3}
      propertyPath: m_LocalPosition.y
      value: 0
      objectReference: {fileID: 0}
    - target: {fileID: 7716747580197146830, guid: 94313e563929cb3499e3989be338a213, type: 3}
      propertyPath: m_LocalPosition.z
      value: 0
      objectReference: {fileID: 0}
    - target: {fileID: 7716747580197146830, guid: 94313e563929cb3499e3989be338a213, type: 3}
      propertyPath: m_LocalRotation.w
      value: 1
      objectReference: {fileID: 0}
    - target: {fileID: 7716747580197146830, guid: 94313e563929cb3499e3989be338a213, type: 3}
      propertyPath: m_LocalRotation.x
      value: -0
      objectReference: {fileID: 0}
    - target: {fileID: 7716747580197146830, guid: 94313e563929cb3499e3989be338a213, type: 3}
      propertyPath: m_LocalRotation.y
      value: -0
      objectReference: {fileID: 0}
    - target: {fileID: 7716747580197146830, guid: 94313e563929cb3499e3989be338a213, type: 3}
      propertyPath: m_LocalRotation.z
      value: -0
      objectReference: {fileID: 0}
    - target: {fileID: 7716747580197146830, guid: 94313e563929cb3499e3989be338a213, type: 3}
      propertyPath: m_LocalEulerAnglesHint.x
      value: 0
      objectReference: {fileID: 0}
    - target: {fileID: 7716747580197146830, guid: 94313e563929cb3499e3989be338a213, type: 3}
      propertyPath: m_LocalEulerAnglesHint.y
      value: 0
      objectReference: {fileID: 0}
    - target: {fileID: 7716747580197146830, guid: 94313e563929cb3499e3989be338a213, type: 3}
      propertyPath: m_LocalEulerAnglesHint.z
      value: 0
      objectReference: {fileID: 0}
    - target: {fileID: 7716747580197146831, guid: 94313e563929cb3499e3989be338a213, type: 3}
      propertyPath: m_Name
      value: OVRRightHandSynthetic
      objectReference: {fileID: 0}
    - target: {fileID: 8662184560477892144, guid: 94313e563929cb3499e3989be338a213, type: 3}
      propertyPath: m_Materials.Array.data[0]
      value: 
      objectReference: {fileID: 2100000, guid: 6955671991f94f24a9a12b3e3a7207b0, type: 2}
    m_RemovedComponents: []
  m_SourcePrefab: {fileID: 100100000, guid: 94313e563929cb3499e3989be338a213, type: 3}
--- !u!114 &8291785529573195544 stripped
MonoBehaviour:
  m_CorrespondingSourceObject: {fileID: 642930805460571361, guid: 94313e563929cb3499e3989be338a213, type: 3}
  m_PrefabInstance: {fileID: 8934703130068462585}
  m_PrefabAsset: {fileID: 0}
  m_GameObject: {fileID: 0}
  m_Enabled: 1
  m_EditorHideFlags: 0
  m_Script: {fileID: 11500000, guid: 5c67033f580359c4581dff1ccffcca91, type: 3}
  m_Name: 
  m_EditorClassIdentifier: 
--- !u!1001 &8934703131024230017
PrefabInstance:
  m_ObjectHideFlags: 0
  serializedVersion: 2
  m_Modification:
    m_TransformParent: {fileID: 685890925541072837}
    m_Modifications:
    - target: {fileID: 336358375985414314, guid: e7fbb376593cff24f9db4ecf8d465aaf, type: 3}
      propertyPath: m_Name
      value: OVRLeftHandSynthetic
      objectReference: {fileID: 0}
    - target: {fileID: 336358375985414314, guid: e7fbb376593cff24f9db4ecf8d465aaf, type: 3}
      propertyPath: m_IsActive
      value: 1
      objectReference: {fileID: 0}
    - target: {fileID: 336358375985414315, guid: e7fbb376593cff24f9db4ecf8d465aaf, type: 3}
      propertyPath: m_RootOrder
      value: 2
      objectReference: {fileID: 0}
    - target: {fileID: 336358375985414315, guid: e7fbb376593cff24f9db4ecf8d465aaf, type: 3}
      propertyPath: m_LocalPosition.x
      value: 0
      objectReference: {fileID: 0}
    - target: {fileID: 336358375985414315, guid: e7fbb376593cff24f9db4ecf8d465aaf, type: 3}
      propertyPath: m_LocalPosition.y
      value: 0
      objectReference: {fileID: 0}
    - target: {fileID: 336358375985414315, guid: e7fbb376593cff24f9db4ecf8d465aaf, type: 3}
      propertyPath: m_LocalPosition.z
      value: 0
      objectReference: {fileID: 0}
    - target: {fileID: 336358375985414315, guid: e7fbb376593cff24f9db4ecf8d465aaf, type: 3}
      propertyPath: m_LocalRotation.w
      value: 1
      objectReference: {fileID: 0}
    - target: {fileID: 336358375985414315, guid: e7fbb376593cff24f9db4ecf8d465aaf, type: 3}
      propertyPath: m_LocalRotation.x
      value: -0
      objectReference: {fileID: 0}
    - target: {fileID: 336358375985414315, guid: e7fbb376593cff24f9db4ecf8d465aaf, type: 3}
      propertyPath: m_LocalRotation.y
      value: -0
      objectReference: {fileID: 0}
    - target: {fileID: 336358375985414315, guid: e7fbb376593cff24f9db4ecf8d465aaf, type: 3}
      propertyPath: m_LocalRotation.z
      value: -0
      objectReference: {fileID: 0}
    - target: {fileID: 336358375985414315, guid: e7fbb376593cff24f9db4ecf8d465aaf, type: 3}
      propertyPath: m_LocalEulerAnglesHint.x
      value: 0
      objectReference: {fileID: 0}
    - target: {fileID: 336358375985414315, guid: e7fbb376593cff24f9db4ecf8d465aaf, type: 3}
      propertyPath: m_LocalEulerAnglesHint.y
      value: 0
      objectReference: {fileID: 0}
    - target: {fileID: 336358375985414315, guid: e7fbb376593cff24f9db4ecf8d465aaf, type: 3}
      propertyPath: m_LocalEulerAnglesHint.z
      value: 0
      objectReference: {fileID: 0}
    - target: {fileID: 2143258140177466423, guid: e7fbb376593cff24f9db4ecf8d465aaf, type: 3}
      propertyPath: m_Materials.Array.data[0]
      value: 
      objectReference: {fileID: 2100000, guid: 6955671991f94f24a9a12b3e3a7207b0, type: 2}
    - target: {fileID: 8592730055715483824, guid: e7fbb376593cff24f9db4ecf8d465aaf, type: 3}
      propertyPath: _iModifyDataFromSourceMono
      value: 
      objectReference: {fileID: 8784088233621880685}
    m_RemovedComponents: []
  m_SourcePrefab: {fileID: 100100000, guid: e7fbb376593cff24f9db4ecf8d465aaf, type: 3}
--- !u!114 &919283380925462065 stripped
MonoBehaviour:
  m_CorrespondingSourceObject: {fileID: 8592730055715483824, guid: e7fbb376593cff24f9db4ecf8d465aaf, type: 3}
  m_PrefabInstance: {fileID: 8934703131024230017}
  m_PrefabAsset: {fileID: 0}
  m_GameObject: {fileID: 0}
  m_Enabled: 1
  m_EditorHideFlags: 0
  m_Script: {fileID: 11500000, guid: 5c67033f580359c4581dff1ccffcca91, type: 3}
  m_Name: 
  m_EditorClassIdentifier: 
--- !u!1001 &9175188927534614233
PrefabInstance:
  m_ObjectHideFlags: 0
  serializedVersion: 2
  m_Modification:
    m_TransformParent: {fileID: 496700924597618081}
    m_Modifications:
    - target: {fileID: 4977421493488092299, guid: 424c2298facd2bf419beffd69e8cc855, type: 3}
      propertyPath: m_IsActive
      value: 1
      objectReference: {fileID: 0}
    - target: {fileID: 5346183831593185114, guid: 424c2298facd2bf419beffd69e8cc855, type: 3}
      propertyPath: _hand
      value: 
      objectReference: {fileID: 8784088233621880685}
    - target: {fileID: 5419937293532398298, guid: 424c2298facd2bf419beffd69e8cc855, type: 3}
      propertyPath: m_Name
      value: HandPokeInteractor
      objectReference: {fileID: 0}
    - target: {fileID: 5419937293532398301, guid: 424c2298facd2bf419beffd69e8cc855, type: 3}
      propertyPath: m_RootOrder
      value: 0
      objectReference: {fileID: 0}
    - target: {fileID: 5419937293532398301, guid: 424c2298facd2bf419beffd69e8cc855, type: 3}
      propertyPath: m_LocalPosition.x
      value: 0
      objectReference: {fileID: 0}
    - target: {fileID: 5419937293532398301, guid: 424c2298facd2bf419beffd69e8cc855, type: 3}
      propertyPath: m_LocalPosition.y
      value: 0
      objectReference: {fileID: 0}
    - target: {fileID: 5419937293532398301, guid: 424c2298facd2bf419beffd69e8cc855, type: 3}
      propertyPath: m_LocalPosition.z
      value: 0
      objectReference: {fileID: 0}
    - target: {fileID: 5419937293532398301, guid: 424c2298facd2bf419beffd69e8cc855, type: 3}
      propertyPath: m_LocalRotation.w
      value: 1
      objectReference: {fileID: 0}
    - target: {fileID: 5419937293532398301, guid: 424c2298facd2bf419beffd69e8cc855, type: 3}
      propertyPath: m_LocalRotation.x
      value: -0
      objectReference: {fileID: 0}
    - target: {fileID: 5419937293532398301, guid: 424c2298facd2bf419beffd69e8cc855, type: 3}
      propertyPath: m_LocalRotation.y
      value: -0
      objectReference: {fileID: 0}
    - target: {fileID: 5419937293532398301, guid: 424c2298facd2bf419beffd69e8cc855, type: 3}
      propertyPath: m_LocalRotation.z
      value: -0
      objectReference: {fileID: 0}
    - target: {fileID: 5419937293532398301, guid: 424c2298facd2bf419beffd69e8cc855, type: 3}
      propertyPath: m_LocalEulerAnglesHint.x
      value: 0
      objectReference: {fileID: 0}
    - target: {fileID: 5419937293532398301, guid: 424c2298facd2bf419beffd69e8cc855, type: 3}
      propertyPath: m_LocalEulerAnglesHint.y
      value: 0
      objectReference: {fileID: 0}
    - target: {fileID: 5419937293532398301, guid: 424c2298facd2bf419beffd69e8cc855, type: 3}
      propertyPath: m_LocalEulerAnglesHint.z
      value: 0
      objectReference: {fileID: 0}
    - target: {fileID: 5903181773383361112, guid: 424c2298facd2bf419beffd69e8cc855, type: 3}
      propertyPath: _syntheticHand
      value: 
      objectReference: {fileID: 919283380925462065}
    m_RemovedComponents: []
  m_SourcePrefab: {fileID: 100100000, guid: 424c2298facd2bf419beffd69e8cc855, type: 3}
--- !u!114 &8784149321144535454 stripped
MonoBehaviour:
  m_CorrespondingSourceObject: {fileID: 482801000701448007, guid: 424c2298facd2bf419beffd69e8cc855, type: 3}
  m_PrefabInstance: {fileID: 9175188927534614233}
  m_PrefabAsset: {fileID: 0}
  m_GameObject: {fileID: 0}
  m_Enabled: 1
  m_EditorHideFlags: 0
  m_Script: {fileID: 11500000, guid: d952c175ec3c6554199fd744548ce50a, type: 3}
  m_Name: 
  m_EditorClassIdentifier: 
